@article{inverse-problems,
  author        = {{Datchev}, Kiril and {Hezari}, Hamid},
  title         = {{Inverse problems in spectral geometry}},
  journal       = {arXiv e-prints},
  keywords      = {Mathematics - Spectral Theory, Mathematical Physics, Mathematics - Analysis of PDEs},
  year          = 2011,
  month         = aug,
  eid           = {arXiv:1108.5755},
  pages         = {arXiv:1108.5755},
  archiveprefix = {arXiv},
  eprint        = {1108.5755},
  primaryclass  = {math.SP},
  url           = {https://arxiv.org/pdf/1108.5755.pdf}
}