@article{designs-and-codes,
  author        = {{Roy}, Aidan and {Scott}, A.~J.},
  title         = {{Unitary designs and codes}},
  journal       = {Designs, Codes and Cryptography},
  year          = {2009},
  volume        = {53},
  pages         = {13-31},
  eid           = {arXiv:0809.3813},
  archiveprefix = {arXiv},
  eprint        = {0809.3813},
  primaryclass  = {math.CO}
}


@article{even-unitaries,
  title         = {Evenly distributed unitaries: On the structure of unitary designs},
  author        = {{Gross}, D. and {Audenaert}, K. and {Eisert}, J.},
  journal       = {Journal of Mathematical Physics},
  year          = {2007},
  volume        = {48},
  pages         = {052104-052104},
  doi           = {10.1063/1.2716992},
  archiveprefix = {arXiv},
  eprint        = {quant-ph/0611002},
  primaryclass  = {quant-ph}
}

@article{exact-approx-designs,
  title     = {Exact and approximate unitary 2-designs and their application to fidelity estimation},
  author    = {{Dankert}, Christoph and {Cleve}, Richard and {Emerson}, Joseph and {Livine}, Etera},
  journal   = {Phys. Rev. A},
  volume    = {80},
  issue     = {1},
  pages     = {012304},
  numpages  = {6},
  year      = {2009},
  month     = {Jul},
  publisher = {American Physical Society},
  doi       = {10.1103/PhysRevA.80.012304},
  url       = {https://link.aps.org/doi/10.1103/PhysRevA.80.012304}
}

@article{constructing-smaller,
  title         = {Constructing Smaller Pauli Twirling Sets for Arbitrary Error Channels},
  author        = {{Cai}, Zhenyu and {Benjamin}, Simon C.},
  journal       = {Scientific Reports},
  year          = {2019},
  volume        = {9},
  eid           = {11281},
  pages         = {11281},
  doi           = {10.1038/s41598-019-46722-7},
  archiveprefix = {arXiv},
  eprint        = {1807.04973},
  primaryclass  = {quant-ph}
}

@article{spherical-designs,
  author  = {P. Delsarte and J.M. Goethals and J.J. Seidel},
  title   = {SPHERICAL CODES AND DESIGNS},
  journal = {Geometriae Dedicata},
  year    = {1977},
  url     = {https://doi.org/10.1007/BF03187604}
}

@article{state-designs,
  author  = {Renes,Joseph M.  and Blume-Kohout,Robin  and Scott,A. J.  and Caves,Carlton M. },
  title   = {Symmetric informationally complete quantum measurements},
  journal = {Journal of Mathematical Physics},
  volume  = {45},
  number  = {6},
  pages   = {2171-2180},
  year    = {2004},
  url     = {https://doi.org/10.1063/1.1737053}
}

@article{pseudo-random,
  author    = {Emerson, Joseph and Weinstein, Yaakov S. and Saraceno, Marcos and Lloyd, Seth and Cory, David G.},
  title     = {Pseudo-Random Unitary Operators for Quantum Information Processing},
  volume    = {302},
  number    = {5653},
  pages     = {2098--2100},
  year      = {2003},
  doi       = {10.1126/science.1090790},
  publisher = {American Association for the Advancement of Science},
  issn      = {0036-8075},
  url       = {https://science.sciencemag.org/content/302/5653/2098},
  journal   = {Science}
}

@misc{lecture,
  author = {Emerson, Joseph},
  title  = {Theory of Quantum Systems: From Mathematical Foundations to Experimental Methods},
  month  = {March},
  year   = {2021}
}

@article{cliffords,
  author  = {Zhu, Huangjun},
  year    = {2015},
  month   = {10},
  pages   = {},
  title   = {Multiqubit Clifford groups are unitary 3-designs},
  volume  = {96},
  journal = {Physical Review A},
  doi     = {10.1103/PhysRevA.96.062336}
}

@article{gottesman-knill,
  author        = {{Gottesman}, Daniel},
  title         = {{The Heisenberg Representation of Quantum Computers}},
  journal       = {arXiv e-prints},
  keywords      = {Quantum Physics},
  year          = 1998,
  month         = jul,
  eid           = {quant-ph/9807006},
  pages         = {quant-ph/9807006},
  archiveprefix = {arXiv},
  eprint        = {quant-ph/9807006},
  primaryclass  = {quant-ph},
  adsurl        = {https://ui.adsabs.harvard.edu/abs/1998quant.ph..7006G},
  adsnote       = {Provided by the SAO/NASA Astrophysics Data System}
}

@article{aaronson,
  title     = {Improved simulation of stabilizer circuits},
  author    = {Aaronson, Scott and Gottesman, Daniel},
  journal   = {Phys. Rev. A},
  volume    = {70},
  issue     = {5},
  pages     = {052328},
  numpages  = {14},
  year      = {2004},
  month     = {11},
  publisher = {American Physical Society},
  doi       = {10.1103/PhysRevA.70.052328},
  url       = {https://link.aps.org/doi/10.1103/PhysRevA.70.052328}
}