@article{nest,
  author  = {Nest, Maarten},
  year    = {2010},
  month   = {03},
  pages   = {258-271},
  title   = {Classical Simulation of Quantum Computation, the Gottesmann-Knill theorem, and Slightly Beyond},
  volume  = {10},
  journal = {Quantum Information & Computation}
}

@article{cuffaro,
  author  = {Cuffaro, Michael E.},
  title   = {{On the Significance of the Gottesmanâ€“Knill Theorem}},
  journal = {The British Journal for the Philosophy of Science},
  volume  = {68},
  number  = {1},
  pages   = {91-121},
  year    = {2015},
  month   = {06},
  issn    = {0007-0882},
  doi     = {10.1093/bjps/axv016},
  url     = {https://doi.org/10.1093/bjps/axv016},
  eprint  = {https://academic.oup.com/bjps/article-pdf/68/1/91/10433776/axv016.pdf}
}

@article{gottesman-knill,
  author        = {{Gottesman}, Daniel},
  title         = {{The Heisenberg Representation of Quantum Computers}},
  journal       = {arXiv e-prints},
  keywords      = {Quantum Physics},
  year          = 1998,
  month         = jul,
  eid           = {quant-ph/9807006},
  pages         = {quant-ph/9807006},
  archiveprefix = {arXiv},
  eprint        = {quant-ph/9807006},
  primaryclass  = {quant-ph},
  adsurl        = {https://ui.adsabs.harvard.edu/abs/1998quant.ph..7006G},
  adsnote       = {Provided by the SAO/NASA Astrophysics Data System}
}

@article{aaronson,
  title     = {Improved simulation of stabilizer circuits},
  author    = {Aaronson, Scott and Gottesman, Daniel},
  journal   = {Phys. Rev. A},
  volume    = {70},
  issue     = {5},
  pages     = {052328},
  numpages  = {14},
  year      = {2004},
  month     = {Nov},
  publisher = {American Physical Society},
  doi       = {10.1103/PhysRevA.70.052328},
  url       = {https://link.aps.org/doi/10.1103/PhysRevA.70.052328}
}
