@book{shankar,
  title     = {Principles of Quantum Mechanics},
  author    = {Ramamurti Shankar},
  isbn      = {9788181286864},
  year      = {2010},
  publisher = {Springer Press},
  keywords  = {physics},
  pages     = {355}
}