@article{dynamic-entropies,
  url       = {https://doi.org/10.1088/1751-8121/abb040},
  year      = 2020,
  month     = {Oct},
  publisher = {{IOP} Publishing},
  volume    = {53},
  number    = {42},
  pages     = {425303},
  author    = {Emily Kendall and Achim Kempf},
  title     = {The dynamics of entropies at the onset of interactions},
  journal   = {Journal of Physics A: Mathematical and Theoretical}
}

@article{mathematical-resources,
  title   = {A mathematical theory of resources},
  journal = {Information and Computation},
  volume  = {250},
  pages   = {59 - 86},
  year    = {2016},
  note    = {Quantum Physics and Logic},
  issn    = {0890-5401},
  url     = {https://doi.org/10.1016/j.ic.2016.02.008},
  author  = {Bob Coecke and Tobias Fritz and Robert W. Spekkens}
}

@article{quantum-resources,
  title     = {Quantum resource theories},
  author    = {Chitambar, Eric and Gour, Gilad},
  journal   = {Rev. Mod. Phys.},
  volume    = {91},
  issue     = {2},
  pages     = {025001},
  numpages  = {48},
  year      = {2019},
  month     = {Apr},
  publisher = {American Physical Society},
  url       = {https://doi.org/10.1103/RevModPhys.91.025001}
}

@article{resource-theory,
  author  = {Fong, Brendan and Nava-Kopp, Hugo},
  year    = {2015},
  month   = {05},
  pages   = {},
  title   = {Additive monotones for resource theories of parallel-combinable processes with discarding},
  volume  = {195},
  journal = {Electronic Proceedings in Theoretical Computer Science},
  url     = {https://doi.org/10.4204/EPTCS.195.13}
}

@article{embezzlement,
  author  = {van Dam, Wim and Hayden, Patrick},
  year    = {2003},
  month   = {06},
  pages   = {},
  title   = {Universal entanglement transformations without communication},
  volume  = {67},
  journal = {Physical Review A},
  url     = {https://doi.org/10.1103/PhysRevA.67.060302}
}

@article{self-embezzlement,
  author        = {{Cleve}, Richard and {Collins}, Benoit and {Liu}, Li and {Paulsen}, Vern},
  title         = {{Constant gap between conventional strategies and those based on C*-dynamics for self-embezzlement}},
  journal       = {arXiv e-prints},
  keywords      = {Quantum Physics, Mathematics - Operator Algebras},
  year          = 2018,
  month         = nov,
  eid           = {arXiv:1811.12575},
  pages         = {arXiv:1811.12575},
  archiveprefix = {arXiv},
  eprint        = {1811.12575},
  primaryclass  = {quant-ph},
  url           = {https://arxiv.org/abs/1811.12575}
}

@article{error-correction,
  title     = {Good quantum error-correcting codes exist},
  author    = {Calderbank, A. R. and Shor, Peter W.},
  journal   = {Phys. Rev. A},
  volume    = {54},
  issue     = {2},
  pages     = {1098--1105},
  numpages  = {0},
  year      = {1996},
  month     = {Aug},
  publisher = {American Physical Society},
  url       = {https://doi.org/10.1103/PhysRevA.54.1098}
}