@article{designs-and-codes,
  author        = {{Roy}, Aidan and {Scott}, A.~J.},
  title         = {{Unitary designs and codes}},
  journal       = {Designs, Codes and Cryptography},
  year          = {2009},
  volume        = {53},
  pages         = {13-31},
  eid           = {arXiv:0809.3813},
  archiveprefix = {arXiv},
  eprint        = {0809.3813},
  primaryclass  = {math.CO}
}


@article{even-unitaries,
  title         = {Evenly distributed unitaries: On the structure of unitary designs},
  author        = {{Gross}, D. and {Audenaert}, K. and {Eisert}, J.},
  journal       = {Journal of Mathematical Physics},
  year          = {2007},
  volume        = {48},
  pages         = {052104-052104},
  doi           = {10.1063/1.2716992},
  archiveprefix = {arXiv},
  eprint        = {quant-ph/0611002},
  primaryclass  = {quant-ph}
}

@article{exact-approx-designs,
  title     = {Exact and approximate unitary 2-designs and their application to fidelity estimation},
  author    = {{Dankert}, Christoph and {Cleve}, Richard and {Emerson}, Joseph and {Livine}, Etera},
  journal   = {Phys. Rev. A},
  volume    = {80},
  issue     = {1},
  pages     = {012304},
  numpages  = {6},
  year      = {2009},
  month     = {Jul},
  publisher = {American Physical Society},
  doi       = {10.1103/PhysRevA.80.012304},
  url       = {https://link.aps.org/doi/10.1103/PhysRevA.80.012304}
}

@article{constructing-smaller,
  title         = {Constructing Smaller Pauli Twirling Sets for Arbitrary Error Channels},
  author        = {{Cai}, Zhenyu and {Benjamin}, Simon C.},
  journal       = {Scientific Reports},
  year          = {2019},
  volume        = {9},
  eid           = {11281},
  pages         = {11281},
  doi           = {10.1038/s41598-019-46722-7},
  archiveprefix = {arXiv},
  eprint        = {1807.04973},
  primaryclass  = {quant-ph}
}

